@book{adams1995hitchhiker,
  title="The Hitchhiker's Guide to the Galaxy",
  author="Douglas Adams",
  isbn="9781417642595",
  url="http://books.google.com/books?id=W-xMPgAACAAJ",
  year="1995",
  publisher="San Val"
}

@misc{gentleIntro,
    author    = "Antony Lewis",
    title     = "A Gentle Introduction to Blockchain Technology",
    url       = "http://bravenewcoin.com/assets/Reference-Papers/A-Gentle-Introduction/A-Gentle-Introduction-To-Blockchain-Technology- WEB.pdf",
    publisher = "Brave New Coin",
    year      = "2016"
}
@techreport{SWIFTinsti,
    author =       "Michael Mainelli and Alistair Milne",
    title =        "The Impact and Potential of Blockchain on the securities Transaction Lifecycle",
    institution =  "Swift Institute",
    year =         "2016",
}
@techreport{Kynetix,
    author =       "Paul Smyth",
    title =        "7 Ways Blockchain Technology could disrupt the Post-Trade Ecosystem",
    institution =  "Kynetix",
    year =         "2015",
}

@techreport{DBS,
    author =       "Antony Lewis",
    title =        "Understanding Blockchain Technology",
    institution =  "DBS",
    journal =      "DBS Asian Insights",
    volume =       "Sector Briefing 19",
    year =         "2016",
}

@misc{Deloitte,
    author =       "Alexander Shelkovnikov",
    title =        "Blockchain applications in Banking",
    year =         "2016",
    URL =          "https://www2.deloitte.com/content/dam/Deloitte/ch/Documents/     innovation/ch-en-innovation-deloitte-blockchain-app-in-banking.pdf"
}

@techreport{WymanEuro,
    author =       "Jo Van de Velde and Ben Shepherd and others",
    title =        "Blockchain in Capital Markets",
    institution =  "Oliver Wyman; Euroclear",
    year =         "2016",
}

@techreport{Accenture,
    author =       "Laurie McGraw and others",
    title =        "Blockchain Technology: Preparing for Change",
    institution =  "Accenture",
    year =         "2015",
    URL =          "https://www.accenture.com/cn-en/~/media/Accenture/next-gen/top-ten-challenges/challenge4/pdfs/Accenture-2016-Top-10-Challenges-04-Blockchain-Technology.pdf"
}

@article{CaytasCU,
    author =        "Joanna Diane Caytas",
    title =         "Developing Blockchain Real-Time Clearing and Settlement in the EU, U.S., and Globally",
    year =          "2016",
    journal =       "Columbia Journal of European Law: Preliminary Reference (June 22, 2016)",
    URL =           "http://ssrn.com/abstract=2807675"
}

@misc{SolnProb,
    author =       "Antony Lewis",
    title =        "No, “Blockchain” is not a solution looking for a problem",
    year =         "2016",
    URL =          "https://bitsonblocks.net/2016/ 06/18/no-blockchain-is-not-a- solution-looking-for-a-problem/"
}

@misc{Bitcoin,
    author =       "Satoshi Nakamoto",
    title =        "Bitcoin: A Peer-to-Peer Electronic Cash System",
    year =         "2008",
    URL = "https://bitcoin.org/bitcoin.pdf"
}

@misc{CCP,
    author =       {{European Commission}},
    title =        "Functional Definition of a Central Counterparty Clearing House",
    year =         "2004",
    URL =          "http://ec.europa.eu/internal\_market/financial-markets/docs/clearing/2004-consultation/each-annex3\_en.pdf"
}

@misc{TradeRisk,
    author =       "Susannah Hammond and Stacey English",
    title =        "Annual Cost of Compliance Survey",
    institution =  "Thomson Reuters",
    year =         "2015",
    URL =          "http://accelus.thomsonreuters.com/special-report/cost-compliance-2015"
}

@misc{KPMG,
    author =       "Teresa Pesce",
    title =        "Global Anti-Money Laundering Survey 2014",
    institution =  "KPMG",
    year =         "2014",
    URL =          "https://home.kpmg.com/xx/en/home/insights/2014/01/global-anti-money-laundering-survey.html"
}

@article{FT,
    author =        "Steve Johnson",
    title =         "Equity research `bloodbath' gathers pace",
    journal =       "Financial Times",
    year =          "2016",
    URL =           "https://www.ft.com/content/8bffddf8-df42-11e3-a4cf-00144feabdc0"
    
}